@article{Kim2015,
  title={Accuracy analysis of velocity and water depth measurement in the straight channel using ADCP},
  author={Kim, Jongmin and Kim, Dongsu and Son, Geunsoo and Kim, Seojun},
  journal={Journal of Korea Water Resources Association},
  volume={48},
  number={5},
  pages={367--377},
  year={2015},
  publisher={Korea Water Resources Association}
}

@article{Lee2014,
title = "Uncertainty in open channel discharge measurements acquired with StreamPro ADCP",
journal = "Journal of Hydrology",
volume = "509",
pages = "101--114",
year = "2014",
issn = "0022-1694",
doi = "https://doi.org/10.1016/j.jhydrol.2013.11.031",
url = "http://www.sciencedirect.com/science/article/pii/S002216941300855X",
author = "Kyutae Lee and Hao-Che Ho and Muste Marian and Chun-Hung Wu",
keywords = "Uncertainty, Uncertainty analysis, ADCP, Discharge measurement, Mid-section method"
}

@incollection{Kim2016,
author      = "Dongsu Kim and Jongmin Kim",
title       = "Experimental study on uncertainty analysis for ADCP discharge measurements in a real-scale river experimental facility",
editor      = "Constantinescu, G. and Garcia, M. and Hanes, D.",
booktitle   = "River Flow 2016: Iowa City, USA, July 11-14, 2016",
publisher   = "CRC Press",
address     = "Boca Raton, USA",
year        = 2016,
pages       = "734--738 ",
isbn		= {9781315644479},
url		  = {https://books.google.co.uk/books?id=blOzDAAAQBAJ}
}

@article{Morlock1996,
  title={Evaluation of acoustic Doppler current profiler measurements of river discharge},
  author={Morlock, Scott E},
  journal={Water-Resources Investigations Report},
  volume={95},
  pages={4218},
  year={1996},
  publisher={US Geological Survey}
}

@article{Yorke2002,
  title={Measuring river velocity and discharge with acoustic Doppler profilers},
  author={Yorke, Thomas H and Oberg, Kevin A},
  journal={Flow Measurement and Instrumentation},
  volume={13},
  number={5-6},
  pages={191--195},
  year={2002},
  publisher={Elsevier}
}

@article{Huang2018,
  title={Estimating uncertainty of streamflow measurements with moving-boat acoustic Doppler current profilers},
  author={Huang, Hening},
  journal={Hydrological Sciences Journal},
  volume={63},
  number={3},
  pages={353--368},
  year={2018},
  publisher={Taylor \& Francis}
}

@article{Muste2004,
  title={Practical aspects of ADCP data use for quantification of mean river flow characteristics; Part I: moving-vessel measurements},
  author={Muste, M and Yu, K and Spasojevic, M},
  journal={Flow measurement and instrumentation},
  volume={15},
  number={1},
  pages={1--16},
  year={2004},
  publisher={Elsevier}
}

@article{Tauro2017a,
title = "Ice dices for monitoring stream surface velocity",
journal = "Journal of Hydro-environment Research",
volume = "14",
pages = "143--149",
year = "2017",
issn = "1570-6443",
doi = "https://doi.org/10.1016/j.jher.2016.09.001",
url = "http://www.sciencedirect.com/science/article/pii/S1570644315301374",
author = "Flavia Tauro and Salvatore Grimaldi",
}

@article{Tauro2017b,
author = {Tauro, F. and Piscopia, R. and Grimaldi, S.},
title = {Streamflow Observations From Cameras: Large-Scale Particle Image Velocimetry or Particle Tracking Velocimetry?},
journal = {Water Resources Research},
volume = {53},
number = {12},
pages = {10374--10394},
keywords = {streamflow, large-scale particle image velocimetry, particle tracking velocimetry, image analysis, noncontact observations, optical methods},
doi = {10.1002/2017WR020848},
url = {https://agupubs.onlinelibrary.wiley.com/doi/abs/10.1002/2017WR020848},
eprint = {https://agupubs.onlinelibrary.wiley.com/doi/pdf/10.1002/2017WR020848},
year = {2017}
}

@Article{Tauro2016a,
AUTHOR = {Tauro, F. and Petroselli, A. and Porfiri, M. and Giandomenico, L. and Bernardi, G. and Mele, F. and Spina, D. and Grimaldi, S.},
TITLE = {A novel permanent gauge-cam station for surface-flow observations on the Tiber River},
JOURNAL = {Geoscientific Instrumentation, Methods and Data Systems},
VOLUME = {5},
YEAR = {2016},
NUMBER = {1},
PAGES = {241--251},
URL = {https://www.geosci-instrum-method-data-syst.net/5/241/2016/},
DOI = {10.5194/gi-5-241-2016}
}

@article{Tauro2018,
author = {Flavia Tauro and John Selker and Nick van de Giesen and Tommaso Abrate and Remko Uijlenhoet and Maurizio Porfiri and Salvatore Manfreda and Kelly Caylor and Tommaso Moramarco and Jerome Benveniste and Giuseppe Ciraolo and Lyndon Estes and Alessio Domeneghetti and Matthew T. Perks and Chiara Corbari and Ehsan Rabiei and Giovanni Ravazzani and Heye	 Bogena and Antoine Harfouche and Luca Brocca and Antonino Maltese and Andy Wickert and Angelica Tarpanelli and Stephen Good and Jose Manuel Lopez Alcala and Andrea Petroselli and Christophe Cudennec and Theresa Blume and Rolf Hut and Salvatore Grimaldi},
title = {Measurements and Observations in the XXI century (MOXXI): innovation and multi-disciplinarity to sense the hydrological cycle},
journal = {Hydrological Sciences Journal},
volume = {63},
number = {2},
pages = {169--196},
year  = {2018},
publisher = {Taylor & Francis},
doi = {10.1080/02626667.2017.1420191},
}

@article{Hauet2008,
author = {Alexandre Hauet  and Anton Kruger  and Witold F. Krajewski  and Allen Bradley  and Marian Muste  and Jean-Dominique Creutin  and Mark Wilson },
title = {Experimental System for Real-Time Discharge Estimation Using an Image-Based Method},
journal = {Journal of Hydrologic Engineering},
volume = {13},
number = {2},
pages = {105--110},
year = {2008},
}

@article{Muste2008,
title={Large-scale particle image velocimetry for measurements in riverine environments},
author={Muste, Marian and Fujita, I and Hauet, A},
journal={Water Resources Research},
volume={44},
number={4},
year={2008},
publisher={Wiley Online Library}
}

@article{Jodeau2008,
title={Application and evaluation of LS-PIV technique for the monitoring of river surface velocities in high flow conditions},
author={Jodeau, M and Hauet, A and Paquier, A and Le Coz, J and Dramais, G},
journal={Flow Measurement and Instrumentation},
volume={19},
number={2},
pages={117--127},
year={2008},
publisher={Elsevier}
}

@article{Fujita2007,
title={Development of a non-intrusive and efficient flow monitoring technique: The space-time image velocimetry (STIV)},
author={Fujita, Ichiro and Watanabe, Hideki and Tsubaki, Ryota},
journal={International Journal of River Basin Management},
volume={5},
number={2},
pages={105--114},
year={2007},
publisher={Taylor \& Francis Group}
}

@inproceedings{Tsuji2018,
title={Development of Aerial Space Time Volume Velocimetry for Measuring Surface Velocity Vector Distribution from UAV},
author={Tsuji, Issei and Tani, Kojiro and Fujita, Ichiro and Notoya, Yuichi},
booktitle={E3S Web of Conferences},
volume={40},
pages={06011},
year={2018},
organization={EDP Sciences}
}

@article{Leduc2018,
title={Stage and water width measurement of a mountain stream using a simple time-lapse camera},
author={Leduc, Pauline and Ashmore, Peter and Sjogren, Darren},
journal={Hydrology and Earth System Sciences},
volume={22},
number={1},
pages={1--11},
year={2018},
publisher={Copernicus GmbH}
}

@book{Herschy2014,
title={Streamflow measurement},
author={Herschy, Reginald W},
year={2014},
publisher={CRC Press},
pages={536},
address={London},
ISBN={9781482265880},
doi={https://doi.org/10.1201/9781482265880}  
}

@article{Kidson2005,
author = {R. Kidson and K. S. Richards},
title ={Flood frequency analysis: assumptions and alternatives},
journal = {Progress in Physical Geography: Earth and Environment},
volume = {29},
number = {3},
pages = {392-410},
year = {2005},
doi = {10.1191/0309133305pp454ra},
URL = {https://doi.org/10.1191/0309133305pp454ra},
eprint = {https://doi.org/10.1191/0309133305pp454ra}
}

@article{Fekete2007,
title={The current status of global river discharge monitoring and potential new technologies complementing traditional discharge measurements},
author={Fekete, Bal{\'a}zs M and V{\"o}r{\"o}smarty, Charles J},
year={2007},
journal={IAHS publications},
volume={309},
pages={129--136}
}

@Article{Baldassarre2009,
AUTHOR = {Di Baldassarre, G. and Montanari, A.},
TITLE = {Uncertainty in river discharge observations: a quantitative analysis},
JOURNAL = {Hydrology and Earth System Sciences},
VOLUME = {13},
YEAR = {2009},
NUMBER = {6},
PAGES = {913--921},
URL = {https://www.hydrol-earth-syst-sci.net/13/913/2009/},
DOI = {10.5194/hess-13-913-2009}
}

@article{Hamilton2012,
author = { A.S.   Hamilton  and  R.D.   Moore },
title = {Quantifying Uncertainty in Streamflow Records},
journal = {Canadian Water Resources Journal / Revue canadienne des ressources hydriques},
volume = {37},
number = {1},
pages = {3--21},
year  = {2012},
publisher = {Taylor & Francis},
doi = {10.4296/cwrj3701865},
URL = {https://doi.org/10.4296/cwrj3701865},
eprint = {https://doi.org/10.4296/cwrj3701865}
}

@article{Bradley2002,
author = {Bradley, A. Allen and Kruger, Anton and Meselhe, Ehab A. and Muste, Marian V. I.},
year = {2002},
title = {Flow measurement in streams using video imagery},
journal = {Water Resources Research},
volume = {38},
number = {12},
pages = {51-1-51-8},
keywords = {particle image velocimetry, discharge measurement, remote sensing, stream gaging},
doi = {10.1029/2002WR001317},
url = {https://agupubs.onlinelibrary.wiley.com/doi/abs/10.1029/2002WR001317},
eprint = {https://agupubs.onlinelibrary.wiley.com/doi/pdf/10.1029/2002WR001317}
}

@article{Stumpf2016,
author = {Stumpf, André and Augereau, Emmanuel and Delacourt, Christophe and Bonnier, Julien},
title = {Photogrammetric discharge monitoring of small tropical mountain rivers: A case study at Rivière des Pluies, Réunion Island},
journal = {Water Resources Research},
volume = {52},
number = {6},
pages = {4550--4570},
keywords = {LSPIV, discharge measurements, tropical mountain catchment, photogrammetry, tropical cyclones, torrential floods},
doi = {10.1002/2015WR018292},
url = {https://agupubs.onlinelibrary.wiley.com/doi/abs/10.1002/2015WR018292},
eprint = {https://agupubs.onlinelibrary.wiley.com/doi/pdf/10.1002/2015WR018292},
year = {2016}
}


@article{Dramais2011,
title = "Advantages of a mobile LSPIV method for measuring flood discharges and improving stage–discharge curves",
journal = "Journal of Hydro-environment Research",
volume = "5",
number = "4",
pages = "301 - 312",
year = "2011",
issn = "1570-6443",
doi = "https://doi.org/10.1016/j.jher.2010.12.005",
url = "http://www.sciencedirect.com/science/article/pii/S1570644311000049",
author = "Guillaume Dramais and Jérôme {Le Coz} and Benoît Camenen and Alexandre Hauet"
}


@article{Kim2008,
author = {Kim, Y. and Muste, M. and Hauet, A. and Krajewski, W. F. and Kruger, A. and Bradley, A.},
title = {Stream discharge using mobile large-scale particle image velocimetry: A proof of concept},
journal = {Water Resources Research},
volume = {44},
number = {9},
pages = {},
keywords = {large-scale particle image velocimetry, discharge measurements, surface velocity fields, remote sensing},
doi = {10.1029/2006WR005441},
url = {https://agupubs.onlinelibrary.wiley.com/doi/abs/10.1029/2006WR005441},
eprint = {https://agupubs.onlinelibrary.wiley.com/doi/pdf/10.1029/2006WR005441},
year = {2008}
}

@INPROCEEDINGS{Shi1994, 
author={Shi, J. and Tomasi, C.}, 
booktitle={Proceedings of IEEE Conference on Computer Vision and Pattern Recognition}, 
title={Good features to track}, 
year={1994}, 
volume={}, 
number={}, 
pages={593-600}, 
doi={10.1109/CVPR.1994.323794}, 
ISSN={1063-6919}, 
month={June},
}

@inproceedings{Lucas1981,
 author = {Lucas, Bruce D. and Kanade, Takeo},
 title = {An Iterative Image Registration Technique with an Application to Stereo Vision},
 booktitle = {Proceedings of the 7th International Joint Conference on Artificial Intelligence - Volume 2},
 series = {IJCAI'81},
 year = {1981},
 location = {Vancouver, BC, Canada},
 pages = {674--679},
 numpages = {6},
 url = {http://dl.acm.org/citation.cfm?id=1623264.1623280},
 acmid = {1623280},
 publisher = {Morgan Kaufmann Publishers Inc.},
 address = {San Francisco, CA, USA}
} 

@article{Tomasi1991,
  title={Detection and tracking of point},
  author={Tomasi, Carlo and Kanade, Takeo},
  journal={International Journal of Computer Vision},
  volume={9},
  pages={137--154},
  year={1991}
}

@inproceedings{Kalal2010,
  title={Forward-backward error: Automatic detection of tracking failures},
  author={Kalal, Zdenek and Mikolajczyk, Krystian and Matas, Jiri},
  booktitle={Pattern Recognition (ICPR), 2010 20th International Conference on},
  pages={2756--2759},
  year={2010},
  organization={IEEE}
}

@ARTICLE{Bouguet2000,
    author = {Bouguet, J. Y},
    title = {Pyramidal implementation of the Lucas Kanade feature tracker},
    journal = {Intel Corporation, Microprocessor Research Labs},
    year = {2000}
}

@article{Lin2019,
  title={Evaluating image tracking approaches for surface velocimetry with thermal tracers},
  author={Lin, D and Grundmann, J and Eltner, A},
  journal={Water Resources Research},
  volume={55},
  number={4},
  pages={3122--3136},
  year={2019},
  publisher={Wiley Online Library}
}

@Article{Tauro2018b,
AUTHOR = {Tauro, Flavia and Tosi, Fabio and Mattoccia, Stefano and Toth, Elena and Piscopia, Rodolfo and Grimaldi, Salvatore},
TITLE = {Optical Tracking Velocimetry (OTV): Leveraging Optical Flow and Trajectory-Based Filtering for Surface Streamflow Observations},
JOURNAL = {Remote Sensing},
VOLUME = {10},
YEAR = {2018},
NUMBER = {12},
ARTICLE-NUMBER = {2010},
URL = {http://www.mdpi.com/2072-4292/10/12/2010},
ISSN = {2072-4292}
}

@article{Perks2016,
  title={Advances in flash flood monitoring using unmanned aerial vehicles (UAVs)},
  author={Perks, Matthew T and Russell, Andrew J and Large, Andrew RG},
  journal={Hydrology and Earth System Sciences},
  volume={20},
  number={10},
  pages={4005--4015},
  year={2016},
  publisher={Copernicus GmbH}
}

@article{Messerli2015,
AUTHOR = {Messerli, A. and Grinsted, A.},
TITLE = {Image georectification and feature tracking toolbox: ImGRAFT},
JOURNAL = {Geoscientific Instrumentation, Methods and Data Systems},
VOLUME = {4},
YEAR = {2015},
NUMBER = {1},
PAGES = {23--34},
URL = {https://www.geosci-instrum-method-data-syst.net/4/23/2015/},
DOI = {10.5194/gi-4-23-2015}
}

@article{Fletcher1971,
  title={A modified Marquardt subroutine for nonlinear least squares fitting},
  author={Fletcher, R},
  journal={Atomic Energy Research Establishment},
  year={1971}
}

@article{LeCoz2008,
author = {Le Coz, J. and Pierrefeu, G. and Paquier, A.},
title = {Evaluation of river discharges monitored by a fixed side-looking Doppler profiler},
journal = {Water Resources Research},
volume = {44},
number = {4},
pages = {},
keywords = {H-ADCP, flow measurement, gauging station, hydrometry, ADCP},
doi = {10.1029/2008WR006967},
url = {https://agupubs.onlinelibrary.wiley.com/doi/abs/10.1029/2008WR006967},
eprint = {https://agupubs.onlinelibrary.wiley.com/doi/pdf/10.1029/2008WR006967},
year = {2008}
}

@article{Boldt2015,
  title={Validation of streamflow measurements made with M9 and RiverRay acoustic Doppler current profilers},
  author={Boldt, Justin A and Oberg, Kevin A},
  journal={Journal of Hydraulic Engineering},
  volume={142},
  number={2},
  pages={04015054},
  year={2015},
  publisher={American Society of Civil Engineers}
}

@article{LeCoz2010,
title = "Performance of image-based velocimetry (LSPIV) applied to flash-flood discharge measurements in Mediterranean rivers",
journal = "Journal of Hydrology",
volume = "394",
number = "1",
pages = "42--52",
year = "2010",
note = "Flash Floods: Observations and Analysis of Hydrometeorological Controls",
issn = "0022-1694",
doi = "https://doi.org/10.1016/j.jhydrol.2010.05.049",
url = "http://www.sciencedirect.com/science/article/pii/S0022169410003343",
author = "Le Coz, J. and A. Hauet and G. Pierrefeu and G. Dramais and B. Camenen",
keywords = "Flash-flood, Hydrometry, Discharge measurement, Image analysis, LSPIV"
}

@incollection{Fulford1986,
author      = {Fulford, Janice M and Sauer, Vernon B},
title		= {Comparison of velocity interpolation methods for computing open-channel discharge},
editor      = {S. Y. Subitsky},
booktitle   = {Selected papers in the hydrologic sciences (Water Supply Paper 2290},
publisher   = {U.S. Geological Survey},
address     = {Reston, VA},
year        = {1986},
pages       = {139--144}
}

@article{Chiu1989,
author = {Chao Lin Chiu},
title = {Velocity Distribution in Open Channel Flow},
journal = {Journal of Hydraulic Engineering},
volume = {115},
number = {5},
pages = {576-594},
year = {1989},
doi = {10.1061/(ASCE)0733-9429(1989)115:5(576)}
}

@article{Moramarco2010,
author = {Tommaso Moramarco  and Vijay P. Singh },
title = {Formulation of the Entropy Parameter Based on Hydraulic and Geometric Characteristics of River Cross Sections},
journal = {Journal of Hydrologic Engineering},
volume = {15},
number = {10},
pages = {852-858},
year = {2010},
doi = {10.1061/(ASCE)HE.1943-5584.0000255}
}

@article{Leitao2018,
title = "Urban overland runoff velocity measurement with consumer-grade surveillance cameras and surface structure image velocimetry",
journal = "Journal of Hydrology",
volume = "565",
pages = "791 - 804",
year = "2018",
issn = "0022-1694",
doi = "https://doi.org/10.1016/j.jhydrol.2018.09.001",
url = "http://www.sciencedirect.com/science/article/pii/S0022169418306875",
author = "João P. Leitão and Salvador Peña-Haro and Beat Lüthi and Andreas Scheidegger and Matthew Moy de Vitry"
}

@article{McMillan2012,
author = {McMillan, Hilary and Krueger, Tobias and Freer, Jim},
title = {Benchmarking observational uncertainties for hydrology: rainfall, river discharge and water quality},
journal = {Hydrological Processes},
volume = {26},
number = {26},
pages = {4078-4111},
keywords = {observational uncertainty, data uncertainty, hydrology, error distributions, hydrometric data, water quality data},
doi = {10.1002/hyp.9384},
url = {https://onlinelibrary.wiley.com/doi/abs/10.1002/hyp.9384},
eprint = {https://onlinelibrary.wiley.com/doi/pdf/10.1002/hyp.9384},
year = {2012}
}


@article{Pearce2020,
author = {Pearce, Sophie and Ljubi{\v{c}}i{\'{c}}, Robert and Pe{\~{n}}a-Haro, Salvador and Perks, Matthew and Tauro, Flavia and Pizarro, Alonso and {Dal Sasso}, Silvano and Strelnikova, Dariia and Grimaldi, Salvatore and Maddock, Ian and Paulus, Gernot and Plav{\v{s}}i{\'{c}}, Jasna and Prodanovi{\'{c}}, Du{\v{s}}an and Manfreda, Salvatore},
doi = {10.3390/rs12020232},
file = {:C$\backslash$:/Users/marti/AppData/Local/Mendeley Ltd./Mendeley Desktop/Downloaded/Pearce et al. - 2020 - An Evaluation of Image Velocimetry Techniques under Low Flow Conditions and High Seeding Densities Using Unmanned.pdf:pdf},
issn = {2072-4292},
journal = {Remote Sensing},
keywords = {KLT,LSPIV,LSPTV,OTV,SSIV,UAS,image velocimetry,river flow monitoring,surface flow velocity},
month = {jan},
number = {2},
pages = {232},
publisher = {Multidisciplinary Digital Publishing Institute},
title = {{An Evaluation of Image Velocimetry Techniques under Low Flow Conditions and High Seeding Densities Using Unmanned Aerial Systems}},
url = {https://www.mdpi.com/2072-4292/12/2/232},
volume = {12},
year = {2020}
}

@article{Perks2020a,
author = {Perks, M. T.},
doi = {10.5194/gmd-2020-187},
journal = {Geoscientific Model Development},
title = {{KLT-IV v1.0: Image velocimetry software for use with fixed and mobile platforms}},
year = {2020}
}

@book{Levesque2012,
  title={Computing discharge using the index velocity method},
  author={Levesque, Victor A and Oberg, Kevin A},
  year={2012},
  publisher={US Department of the Interior, US Geological Survey}
}

@article{Haro2021,
  	title={Robust Image-Based Streamflow Measurements for Real-Time Continuous Monitoring},
  	author={Pe{\~n}a-Haro, Salvador and Carrel, Maxence and L{\"u}thi, Beat and Hansen, Issa and Lukes, Robert},
	JOURNAL={Frontiers in Water},
	VOLUME={3},
	YEAR={2021},
	URL={https://www.frontiersin.org/articles/10.3389/frwa.2021.766918},
	DOI={10.3389/frwa.2021.766918}
}

@article{Jolley2021,
  title={Considerations When Applying Large-Scale PIV and PTV for Determining River Flow Velocity},
  author={Jolley, Martin J and Russell, Andrew J and Quinn, Paul F and Perks, Matthew T},
  journal={Frontiers in Water},
  year={2021}
}

@article{pizarro2020,
  title={Identifying the optimal spatial distribution of tracers for optical sensing of stream surface flow},
  author={Pizarro, Alonso and Dal Sasso, Silvano F and Perks, Matthew T and Manfreda, Salvatore},
  journal={Hydrology and Earth System Sciences},
  volume={24},
  number={11},
  pages={5173--5185},
  year={2020},
  publisher={Copernicus GmbH}
}

@techreport{turnipseed2010discharge,
  title={Discharge measurements at gaging stations},
  author={Turnipseed, D Phil and Sauer, Vernon B},
  year={2010},
  institution={US Geological Survey}
}

@inproceedings{hauet2018velocity,
  title={Velocity profile and depth-averaged to surface velocity in natural streams: A review over alarge sample of rivers},
  author={Hauet, Alexandre and Morlot, Thomas and Daubagnan, L{\'e}a},
  booktitle={E3s web of conferences},
  volume={40},
  pages={06015},
  year={2018},
  organization={EDP Sciences}
}

@article{pumo2021optical,
  title={Optical methods for river monitoring: A simulation-based approach to explore optimal experimental setup for LSPIV},
  author={Pumo, Dario and Alongi, Francesco and Ciraolo, Giuseppe and Noto, Leonardo V},
  journal={Water},
  volume={13},
  number={3},
  pages={247},
  year={2021},
  publisher={MDPI}
}

@article{pizarro2020refining,
  title={Refining image-velocimetry performances for streamflow monitoring: Seeding metrics to errors minimization},
  author={Pizarro, Alonso and Dal Sasso, Silvano Fortunato and Manfreda, Salvatore},
  journal={Hydrological Processes},
  volume={34},
  number={25},
  pages={5167--5175},
  year={2020},
  publisher={Wiley Online Library}
}

@article{dal2018exploring,
  title={Exploring the optimal experimental setup for surface flow velocity measurements using PTV},
  author={Dal Sasso, SF and Pizarro, A and Samela, C and Mita, L and Manfreda, S},
  journal={Environmental Monitoring and Assessment},
  volume={190},
  number={8},
  pages={1--14},
  year={2018},
  publisher={Springer}
}

@book{mueller2009measuring,
  title={Measuring discharge with acoustic Doppler current profilers from a moving boat},
  author={Mueller, David S and Wagner, C Russell and Rehmel, Michael S and Oberg, Kevin A and Rainville, Francois},
  year={2009},
  publisher={US Department of the Interior, US Geological Survey Reston, Virginia (EUA)}
}

@article{McMillan2017,
author = {McMillan, Hilary and Seibert, Jan and Petersen-Overleir, Asgeir and Lang, Michel and White, Paul and Snelder, Ton and Rutherford, Kit and Krueger, Tobias and Mason, Robert and Kiang, Julie},
title = {How uncertainty analysis of streamflow data can reduce costs and promote robust decisions in water management applications},
journal = {Water Resources Research},
volume = {53},
number = {7},
pages = {5220-5228},
keywords = {uncertainty, streamflow, water management, decision-making, flow, errors},
doi = {https://doi.org/10.1002/2016WR020328},
url = {https://agupubs.onlinelibrary.wiley.com/doi/abs/10.1002/2016WR020328},
eprint = {https://agupubs.onlinelibrary.wiley.com/doi/pdf/10.1002/2016WR020328},
year = {2017}
}

@article{Kiang2018,
author = {Kiang, Julie E. and Gazoorian, Chris and McMillan, Hilary and Coxon, Gemma and Le Coz, Jérôme and Westerberg, Ida K. and Belleville, Arnaud and Sevrez, Damien and Sikorska, Anna E. and Petersen-Øverleir, Asgeir and Reitan, Trond and Freer, Jim and Renard, Benjamin and Mansanarez, Valentin and Mason, Robert},
title = {A Comparison of Methods for Streamflow Uncertainty Estimation},
journal = {Water Resources Research},
volume = {54},
number = {10},
pages = {7149-7176},
keywords = {uncertainty, hydrometry, stream gauge, rating curve},
doi = {https://doi.org/10.1029/2018WR022708},
url = {https://agupubs.onlinelibrary.wiley.com/doi/abs/10.1029/2018WR022708},
eprint = {https://agupubs.onlinelibrary.wiley.com/doi/pdf/10.1029/2018WR022708},
year = {2018}
}

@article{Brevis2011,
  title={Integrating cross-correlation and relaxation algorithms for particle tracking velocimetry},
  author={Brevis, W and Ni{\~n}o, Y and Jirka, GH},
  journal={Experiments in Fluids},
  volume={50},
  number={1},
  pages={135--147},
  year={2011},
  publisher={Springer}
}

@article{Fujita1998,
  title={Large-scale particle image velocimetry for flow analysis in hydraulic engineering applications},
  author={Fujita, Ichiro and Muste, Marian and Kruger, Anton},
  journal={Journal of hydraulic Research},
  volume={36},
  number={3},
  pages={397--414},
  year={1998},
  publisher={Taylor \& Francis}
}

@article{Khalid2019,
  title={Optical flow for image-based river velocity estimation},
  author={Khalid, Musaab and P{\'e}nard, Lionel and M{\'e}min, Etienne},
  journal={Flow Measurement and Instrumentation},
  volume={65},
  pages={110--121},
  year={2019},
  publisher={Elsevier}
}

@article{Thielicke2021,
 author = {Thielicke, William and Sonntag, René},
 doi = {10.5334/jors.334},
 journal = {Journal of Open Research Software},
 keyword = {en_US},
 month = {May},
 title = {Particle Image Velocimetry for MATLAB: Accuracy and enhanced algorithms in PIVlab},
 year = {2021}
}

@techreport{ISO24578,
type = {Standard},
key = {ISO 24578:2021},
month = mar,
year = {2001},
title = {Acoustic Doppler profiler -- Method and application for measurement of flow in open channels from a moving boat},
volume = {2001},
address = {Geneva, CH},
institution = {International Organization for Standardization}
}

@Article{Hutley2023,
AUTHOR = {Hutley, N. R. and Beecroft, R. and Wagenaar, D. and Soutar, J. and Edwards, B. and Deering, N. and Grinham, A. and Albert, S.},
TITLE = {Adaptively monitoring streamflow using a stereo computer vision system},
JOURNAL = {Hydrology and Earth System Sciences},
VOLUME = {27},
YEAR = {2023},
NUMBER = {10},
PAGES = {2051--2073},
URL = {https://hess.copernicus.org/articles/27/2051/2023/},
DOI = {10.5194/hess-27-2051-2023}
}

@article{Tosi2020,
  title={Enabling image-based streamflow monitoring at the edge},
  author={Tosi, Fabio and Rocca, Matteo and Aleotti, Filippo and Poggi, Matteo and Mattoccia, Stefano and Tauro, Flavia and Toth, Elena and Grimaldi, Salvatore},
  journal={Remote Sensing},
  volume={12},
  number={12},
  pages={2047},
  year={2020},
  publisher={MDPI}
}
@article{Fleit2019,
title = {An improved particle image velocimetry method for efficient flow analyses},
journal = {Flow Measurement and Instrumentation},
volume = {69},
pages = {101619},
year = {2019},
issn = {0955-5986},
doi = {https://doi.org/10.1016/j.flowmeasinst.2019.101619},
url = {https://www.sciencedirect.com/science/article/pii/S0955598619301104},
author = {Gábor Fleit and Sándor Baranya},
}

@article{Wang2024,
  title={Adaptive river flow measurement method based on spatiotemporal image velocimetry and optical flow},
  author={Wang, Jianping and Chen, Yingbo and Yao, Guangqiang and Li, Neng},
  journal={Water Science \& Technology},
  pages={wst2024038},
  year={2024},
  publisher={IWA Publishing}
}

@ARTICLE{Cao2022,
  author={Cao, Yuqi and Wu, Yixin and Yao, Qiang and Yu, Jie and Hou, Dibo and Wu, Zhengfang and Wang, Zhongyi},
  journal={IEEE Sensors Journal}, 
  title={River Surface Velocity Estimation Using Optical Flow Velocimetry Improved With Attention Mechanism and Position Encoding}, 
  year={2022},
  volume={22},
  number={16},
  pages={16533-16544},
  keywords={Optical flow;Estimation;Rivers;Reflection;Optical noise;Feature extraction;Cameras;Image velocimetry;deep learning;optical flow;surface flow velocity},
  doi={10.1109/JSEN.2022.3186972}}

@article{Ansari2023,
  title={RivQNet: Deep Learning Based River Discharge Estimation Using Close-Range Water Surface Imagery},
  author={Ansari, S and Rennie, CD and Jamieson, EC and Seidou, O and Clark, SP},
  journal={Water Resources Research},
  volume={59},
  number={2},
  pages={e2021WR031841},
  year={2023},
  publisher={Wiley Online Library}
}

@article{Perks2024B,
author = "Perks, Matthew T",
title = "{User input files for River Dart image velocimetry analysis}",
year = "2024",
url = "https://data.ncl.ac.uk/articles/dataset/User input files/19762027",
doi = "10.25405/data.ncl.19762027"
}

@misc{vid_analysis, 
title={Video frame rate analysis}, 
url={https://data.ncl.ac.uk/articles/figure/_/19762216/0}, 
DOI={10.25405/data.ncl.19762216}, 
publisher={Newcastle University}, 
author={Perks, Matthew T}, 
year={2024}, 
month={Jul}
}

@misc{historic_flow, 
title={Historical flow gauging data acquired at Austin's Bridge, River Dart (UK) by the Environment Agency}, 
url={https://data.ncl.ac.uk/articles/dataset/}, 
DOI={10.25405/data.ncl.}, 
publisher={Newcastle University}, 
author={Perks, Matthew T}, 
year={2025}, 
month={Apr}
}

@misc{alpha_analysis, 
title={Surface alpha coefficients following analysis of aDcp transects}, 
url={https://data.ncl.ac.uk/articles/figure/_/19762237/0}, 
DOI={10.25405/data.ncl.28581962}, 
publisher={Newcastle University}, 
author={Perks, Matthew T}, 
year={2025}, 
month={Apr} }

@misc{EDINA2022,
author = {{Getmapping: EDINA Aerial Digimap Service}},
year={2022},
title = {High Resolution (12.5cm) Vertical Aerial Imagery [JPG geospatial data], Scale 1:250, Tiles: sx7465,sx7466,sx7565,sx7566},
url = {https://digimap.edina.ac.uk}
}

@article{vyas2024,
  title={Non-contact discharge estimation at a river site by using only the maximum surface flow velocity},
  author={Vyas, Jitendra Kumar and Perumal, Muthiah and Moramarco, Tommaso},
  journal={Journal of Hydrology},
  pages={131505},
  year={2024},
  publisher={Elsevier}
}

@article{Ran2016,
author = {Ran, Qi-hua and Li, Wei and Liao, Qian and Tang, Hong-lei and Wang, Meng-yao},
title = {Application of an automated LSPIV system in a mountainous stream for continuous flood flow measurements},
journal = {Hydrological Processes},
volume = {30},
number = {17},
pages = {3014-3029},
keywords = {LSPIV, flash flood, mountainous stream, discharge estimation, bathymetry reconstruction},
doi = {https://doi.org/10.1002/hyp.10836},
url = {https://onlinelibrary.wiley.com/doi/abs/10.1002/hyp.10836},
year = {2016}
}

@techreport{ceh2024,
  title={NFRA Mean flow data for 46003 - Dart at Austins Bridge},
  author={{UK CEH}},
  year={2024},
  url = {https://nrfa.ceh.ac.uk/data/station/meanflow/46003}
}

@article{Masafu2022,
title = {Unpiloted Aerial Vehicle (UAV) image velocimetry for validation of two-dimensional hydraulic model simulations},
journal = {Journal of Hydrology},
volume = {612},
pages = {128217},
year = {2022},
issn = {0022-1694},
doi = {https://doi.org/10.1016/j.jhydrol.2022.128217},
url = {https://www.sciencedirect.com/science/article/pii/S0022169422007892},
author = {Christopher Masafu and Richard Williams and Xiaogang Shi and Qiangqiang Yuan and Mark Trigg},
}

@article{Lewis2018,
title = {Integrating unmanned aerial systems and LSPIV for rapid, cost-effective stream gauging},
journal = {Journal of Hydrology},
volume = {560},
pages = {230-246},
year = {2018},
issn = {0022-1694},
doi = {https://doi.org/10.1016/j.jhydrol.2018.03.008},
url = {https://www.sciencedirect.com/science/article/pii/S0022169418301744},
author = {Quinn W. Lewis and Evan M. Lindroth and Bruce L. Rhoads},
}

@Article{elias2020,
AUTHOR = {Elias, Melanie and Eltner, Anette and Liebold, Frank and Maas, Hans-Gerd},
TITLE = {Assessing the Influence of Temperature Changes on the Geometric Stability of Smartphone- and Raspberry Pi Cameras},
JOURNAL = {Sensors},
VOLUME = {20},
YEAR = {2020},
NUMBER = {3},
ARTICLE-NUMBER = {643},
URL = {https://www.mdpi.com/1424-8220/20/3/643},
PubMedID = {31979284},
ISSN = {1424-8220},
DOI = {10.3390/s20030643}
}

@article{eltner2021,
  title={Using deep learning for automatic water stage measurements},
  author={Eltner, Anette and Bressan, Patrik Ol{\~a} and Akiyama, Thales and Gon{\c{c}}alves, Wesley Nunes and Marcato Junior, Jose},
  journal={Water Resources Research},
  volume={57},
  number={3},
  pages={e2020WR027608},
  year={2021},
  publisher={Wiley Online Library}
}

@article{perks2024,
  title={An evaluation of low-cost terrestrial lidar sensors for assessing hydrogeomorphic change},
  author={Perks, MT and Pitman, SJ and Bainbridge, R and Diaz-Moreno, A and Dunning, SA},
  journal={Earth and Space Science},
  volume={11},
  number={8},
  pages={e2024EA003514},
  year={2024},
  publisher={Wiley Online Library}
}

@article{eltner2020,
  title={Flow velocity and discharge measurement in rivers using terrestrial and unmanned-aerial-vehicle imagery},
  author={Eltner, Anette and Sardemann, Hannes and Grundmann, Jens},
  journal={Hydrology and Earth System Sciences},
  volume={24},
  number={3},
  pages={1429--1445},
  year={2020},
  publisher={Copernicus Publications G{\"o}ttingen, Germany}
}

@article{Bahmanpouri2022,
author = {Bahmanpouri, Farhad and Eltner, Anette and Barbetta, Silvia and Bertalan, László and Moramarco, Tommaso},
title = {Estimating the Average River Cross-Section Velocity by Observing Only One Surface Velocity Value and Calibrating the Entropic Parameter},
journal = {Water Resources Research},
volume = {58},
number = {10},
pages = {e2021WR031821},
keywords = {UAV, entropy method, velocity estimation, discharge estimation, river monitoring},
doi = {https://doi.org/10.1029/2021WR031821},
url = {https://agupubs.onlinelibrary.wiley.com/doi/abs/10.1029/2021WR031821},
eprint = {https://agupubs.onlinelibrary.wiley.com/doi/pdf/10.1029/2021WR031821},
note = {e2021WR031821 2021WR031821},
year = {2022}
}
